
@misc{
 chromagan,
 author = {Patricia Vitoria, Lara Raad and Coloma Ballester},
 title = {ChromaGAN: Adversarial Picture Colorization with Semantic Class Distribution},
 year = 2020
}

@misc{
 su,
 author = {Jheng-Wei Su, Hung-Kuo Chu and Jia-Bin Huang},
 title = {Instance-aware Image Colorizationl},
 year = 2020
}

@misc{
 zhang,
 author = {Richard Zhang, Phillip Isola and Alexei A. Efros},
 title = {Colorful Image Colorizationn},
 year = 2016
}

@misc{
 dahl,
 author = {Ryan Dahl},
 title = {Automatic Colorization},
 url = {https://tinyclouds.org/colorize/},
 year = 2016
}

@misc{
 animation,
 author = {Seungjoo Yoo et al.},
 title = {Coloring With Limited Data: Few-Shot Colorization via Memory-Augmented Networks},
 year = 2019
}

@misc{
 language,
 author = {Jianbo Chen et al.},
 title = {Language-Based Image Editing with Recurrent Attentive Models},
 year = 2018
}

@misc{
 cartoonize,
 author = {Xinrui Wang and Jinze Yu},
 title = {Learning to Cartoonize Using White-box Cartoon Representations},
 year = 2020
}

